@BOOK
  {ref1,
   AUTHOR  = "Kernighan, Brian W. and Ritchie, Dennis M.",
   TITLE   = "{The C Programming Language Second Edition}",
   PUBLISHER = "Prentice-Hall, Inc.",
   YEAR = 1988
  }

@BOOK
  {ref2,
   AUTHOR  = "George P. Burdell",
   TITLE   = "{Myths and Their Origins}",
   PUBLISHER = "Real Books, Inc.",
   YEAR = 2016 
  }

@article{ref3,
	title = {Can Quantum-Mechanical Description of Physical Reality Be Considered Complete?},
	author = {Einstein, A. and Podolsky, B. and Rosen, N.},
	journal = {Phys. Rev.},
	volume = {47},
	issue = {10},
	pages = {777--780},
	numpages = {0},
	year = {1935},
	month = {May},
	publisher = {American Physical Society},
	doi = {10.1103/PhysRev.47.777},
	url = {http://link.aps.org/doi/10.1103/PhysRev.47.777}
}
@article{Roth1984SegmentationAP,
    title={Segmentation and Pulse Shape Discrimination Techniques for Rejecting Background in Germanium Detectors},
    author={Joshua A. Roth and J. Henry Primbsch and R. P. Lin},
    journal={IEEE Transactions on Nuclear Science},
    year={1984},
    volume={31},
    pages={367-371}
}
@ARTICLE{1992NIMPA,
   author = {{Unterweger}, M.~P. and {Hoppes}, D.~D. and {Schima}, F.~J.},
    title = "{New and revised half-life measurements results}",
  journal = {Nuclear Instruments and Methods in Physics Research A},
     year = 1992,
    month = feb,
   volume = 312,
    pages = {349-352},
      doi = {10.1016/0168-9002(92)90180-C},
   adsurl = {http://adsabs.harvard.edu/abs/1992NIMPA.312..349U},
  adsnote = {Provided by the SAO/NASA Astrophysics Data System}
}
@MISC{CS137SPEC,
    author = {{Dirk HÃ¼nniger}},
    title = {A gamma-ray energy spectrum obtained from Cs-137},
    year = {2006},
    note = {[Online; accessed April 5, 2018]},
    url = {https://commons.wikimedia.org/wiki/File:Caesium-137_Gamma_Ray_Spectrum-de.svg}
}